@Book{SoftwareEngTextbook,
author = {Rod Stephens},
title = {Beginning Software Engineering},
publisher = {John Wiley and Sons, Inc},
year = {2015}
}
